%%%%%%%%%%%%%%%%%%%%%% A %%%%%%%%%%%%%%%%%%%%%%

@article {Bernstein-Plancherel,
    AUTHOR = {Bernstein, Joseph N.},
     TITLE = {On the support of {P}lancherel measure},
   JOURNAL = {J. Geom. Phys.},
  FJOURNAL = {Journal of Geometry and Physics},
    VOLUME = {5},
      YEAR = {1988},
    NUMBER = {4},
     PAGES = {663--710 (1989)},
      ISSN = {0393-0440},
       DOI = {10.1016/0393-0440(88)90024-1},
       URL = {https://doi.org/10.1016/0393-0440(88)90024-1},
}

@article {Bernstein-Kroetz,
    AUTHOR = {Bernstein, Joseph and Kr\"{o}tz, Bernhard},
     TITLE = {Smooth {F}r\'{e}chet globalizations of {H}arish-{C}handra modules},
   JOURNAL = {Israel J. Math.},
  FJOURNAL = {Israel Journal of Mathematics},
    VOLUME = {199},
      YEAR = {2014},
    NUMBER = {1},
     PAGES = {45--111},
      ISSN = {0021-2172},
       DOI = {10.1007/s11856-013-0056-1},
       URL = {https://doi.org/10.1007/s11856-013-0056-1},
}

@article {Casselman-canonicalextensions,
    AUTHOR = {Casselman, W.},
     TITLE = {Canonical extensions of {H}arish-{C}handra modules to
              representations of {$G$}},
   JOURNAL = {Canad. J. Math.},
  FJOURNAL = {Canadian Journal of Mathematics. Journal Canadien de
              Math\'{e}matiques},
    VOLUME = {41},
      YEAR = {1989},
    NUMBER = {3},
     PAGES = {385--438},
      ISSN = {0008-414X},
   MRCLASS = {22E46},
  MRNUMBER = {1013462},
MRREVIEWER = {Stephen Slebarski},
       DOI = {10.4153/CJM-1989-019-5},
       URL = {https://doi.org/10.4153/CJM-1989-019-5},
}

@article {Conrad-Weil,
    AUTHOR = {Conrad, Brian},
     TITLE = {Weil and {G}rothendieck approaches to adelic points},
   JOURNAL = {Enseign. Math. (2)},
  FJOURNAL = {L'Enseignement Math\'{e}matique. Revue Internationale. 2e S\'{e}rie},
    VOLUME = {58},
      YEAR = {2012},
    NUMBER = {1-2},
     PAGES = {61--97},
      ISSN = {0013-8584},
   MRCLASS = {14-02 (01A60 01A70 14-03 14G25)},
  MRNUMBER = {2985010},
MRREVIEWER = {J\"{o}rg Jahnel},
       DOI = {10.4171/LEM/58-1-3},
       URL = {https://doi.org/10.4171/LEM/58-1-3},
}

@misc{Milne-AGS,
AUTHOR = {Milne, J.S.},
TITLE = {Basic Theory of Affine Group Schemes},
EDITION = {1.00},
YEAR = {March 11, 2012},
}

@book {Rudin,
    AUTHOR = {Rudin, Walter},
     TITLE = {Functional analysis},
    SERIES = {International Series in Pure and Applied Mathematics},
   EDITION = {Second},
 PUBLISHER = {McGraw-Hill, Inc., New York},
      YEAR = {1991},
     PAGES = {xviii+424},
      ISBN = {0-07-054236-8},
   MRCLASS = {46-01 (47-01)},
  MRNUMBER = {1157815},
}

@book {Serre-Lie,
    AUTHOR = {Serre, Jean-Pierre},
     TITLE = {Lie algebras and {L}ie groups},
    SERIES = {Lectures given at Harvard University},
    VOLUME = {1964},
 PUBLISHER = {W. A. Benjamin, Inc., New York-Amsterdam},
      YEAR = {1965},
     PAGES = {vi+247 pp. (not consecutively paged)},
   MRCLASS = {22.80 (14.00)},
  MRNUMBER = {0218496},
}

@misc{stacks-project,
  author       = {The {Stacks project authors}},
  title        = {The Stacks project},
  howpublished = {\url{https://stacks.math.columbia.edu}},
  year         = {2019},
}
